@Manual{realtor,
  title        = {Realtor.com - resource for home buyers and sellers},
  author       = {{Realtor.com}},
  organization = {0},
  year         = {2017},
  url          = {https://www.realtor.com},
}

@Manual{zillow,
  title        = {Zillow is the leading real estate and rental marketplace},
  author       = {{Zillow.com}},
  organization = {0},
  year         = {2017},
  url          = {https://www.zillow.com},
}

@Manual{trulia,
  title        = {Trulia is a mobile and online real estate resource},
  author       = {{Trulia.com}},
  organization = {0},
  year         = {2017},
  url          = {https://www.trulia.com},
}

@Manual{zestimate,
  title        = {The Zestimate® home valuation},
  author       = {{Zillow.com}},
  organization = {0},
  year         = {2017},
  url          = {https://www.zillow.com/zestimate/#what},
}

@Manual{investopia,
  title        = {Top 10 Features of a Profitable Rental Property},
  author       = {{Andrew Beattie }},
  organization = {0},
  year         = {2017},
  url          = {https://www.investopedia.com/articles/mortgages-real-estate/08/buy-rental-property.asp},
}

@Manual{data.gov,
  title        = {Real Estate Sale History},
  author       = {{U.S. General Services Administration, Technology Transformation Service}},
  organization = {0},
  year         = {2017},
  url          = {https://www.data.gov},
}

@manual{md,
      title  = "Big Data Applications in Real Estate",
      author = "Elena Kirzhner",
        organization = {0},
      url    = "https://github.com/bigdata-i523/hid320/blob/master/project/project.md",
      year   = "2017"
    }
    
    @manual{clr,
      title  = "Tarzana, CA 91356 Population Growth and Population Statistics",
      author = "CLRsearch.com",
        organization = {0},
      url    = "https://www.clrsearch.com/Tarzana-Demographics/CA/91356/Population-Growth-and-Population-Statistics",
      year   = "2012"
    }
    
    @manual{zipcodes,
      title  = "United States Zip Codes.org",
      author = "",
        organization = {0},
      url    = "https://www.unitedstateszipcodes.org/91356/",
      year   = "2017"
    }
    
    @manual{federal,
      title  = "Federal Register The Daily Journal of the United States Government",
      author = "",
        organization = {0},
      url    = "https://www.federalregister.gov",
      year   = "2017"
    }
    
    @manual{crime,
      title  = "Community Demographic Information FAQ",
      author = "CLRsearch.org",
        organization = {0},
      url    = "https://www.clrsearch.com/demographics/Demographic_Information.jsp",
      year   = "2012"
    }
    
    @manual{unicrime,
      title  = "Uniform Crime Reporting Statistics: Their Proper Use",
      author = "FBI’s Crime Statistics Management",
        organization = {0},
      url    = "https://ucr.fbi.gov/ucr-statistics-their-proper-use",
      year   = "2017"
    }
    
    @manual{crime2,
      title  = "The Los Angeles Police Department Is Predicting and Fighting Crime With Big Data",
      author = "Mark van Rijmenam",
        organization = {0},
      url    = "https://datafloq.com/read/los-angeles-police-department-predicts-fights-crim/279",
      year   = "2017"
    }
    
    @manual{education,
      title  = "A Well-Educated Workforce Is Key to State Prosperity",
      author = "Noah Berger",
        organization = {0},
      url    = "http://www.epi.org/publication/states-education-productivity-growth-foundations/",
      year   = "2013"
    }
    
@manual{pollution,
      title  = "Big data will control pollution in your city",
      author = "Arantxa Herranz",
        organization = {0},
      url    = "http://blog.ferrovial.com/en/2017/04/big-data-pollution-control-in-cities/",
      year   = "2017"
    }
    
@manual{pollution2,
      title  = "Air pollution levels rising in many of the world’s poorest cities",
      author = "World Health Organization",
        organization = {0},
      url    = "http://www.who.int/mediacentre/news/releases/2016/air-pollution-rising/en/",
      year   = "2016"
    }

@manual{race,
      title  = "Standards for Maintaining, Collecting, and Presenting Federal Data on Race and Ethnicity",
      author = "Management and Budget Office",
        organization = {0},
      url    = "https://www.federalregister.gov/documents/2016/09/30/2016-23672/standards-for-maintaining-collecting-and-presenting-federal-data-on-race-and-ethnicity",
      year   = "2016"
    }
    
@manual{population,
      title  = "World Population Growth",
      author = "Max Roser and Esteban Ortiz-Ospina",
        organization = {0},
      url    = "https://ourworldindata.org/world-population-growth/",
      year   = "2017"
    }
    
    @manual{robots,
      title  = "Robots in real estate?",
      author = "John Cook",
        organization = {0},
      url    = "https://www.geekwire.com/2017/robots-real-estate-theres-nothing-see-zillow-co-founder-says-agent-jobs-safe/",
      year   = "2017"
    }
    
    @book{van2011python,
  title={The python language reference manual},
  author={Van Rossum, Guido and Drake, Fred L},
  year={2011},
   address   = {0},
  publisher={Network Theory Ltd.}
}

@manual{wiki,
      title  = "Tarzana, Los Angeles",
      author = "Wikipedia",
        organization = {0},
      url    = "https://en.wikipedia.org/wiki/Tarzana,_Los_Angeles",
      year   = "2017"
    }
    
    @book{robbins2012creating,
  title={Creating more effective graphs},
  author={Robbins, Naomi B},
  year={2012},
   address   = {0},
  publisher={Wiley}
}
