@article{ogden2002centers,
  title={Centers for Disease Control and Prevention 2000 growth charts for the United States: improvements to the 1977 National Center for Health Statistics version},
  author={Ogden, Cynthia L and Kuczmarski, Robert J and Flegal, Katherine M and Mei, Zuguo and Guo, Shumei and Wei, Rong and Grummer-Strawn, Laurence M and Curtin, Lester R and Roche, Alex F and Johnson, Clifford L},
  journal={Pediatrics},
  volume={109},
  number={1},
  pages={45--60},
  year={2002},
  publisher={Am Acad Pediatrics}
}

@book{van2011python,
  title={The python language reference manual},
  author={Van Rossum, Guido and Drake, Fred L},
  year={2011},
   address   = {0},
  publisher={Network Theory Ltd.}
}

@book{robbins2012creating,
  title={Creating more effective graphs},
  author={Robbins, Naomi B},
  year={2012},
   address   = {0},
  publisher={Wiley}
}

@article{hunter2007matplotlib,
  title={Matplotlib: A 2D graphics environment},
  author={Hunter, John D},
  journal={Computing In Science \& Engineering},
  volume={9},
  number={3},
  pages={90--95},
  year={2007},
  publisher={IEEE}
}

@incollection{bloice2016tutorial,
  title={A tutorial on machine learning and data science tools with python},
  author={Bloice, Marcus D and Holzinger, Andreas},
  booktitle={Machine Learning for Health Informatics},
  pages={435--480},
    address   = {0},
  year={2016},
  publisher={Springer}
}

@Book{adams2014learning,
  title     = {Learning Python Data Visualization},
  publisher = {Packt Publishing Ltd},
  year      = {2014},
  author    = {Adams, Chad},
  number    = {0},
  series    = {0},
  address   = {0},
  edition   = {0},
}

@book{mckinney2012python,
  title={Python for data analysis: Data wrangling with Pandas, NumPy, and IPython},
  author={McKinney, Wes},
   address   = {0},
  year={2012},
  publisher={" O'Reilly Media, Inc."}
}

@manual{md,
      title  = "Essential Python Visualization Tools",
      author = "Elena Kirzhner",
        organization = {0},
      url    = "https://github.com/bigdata-i523/hid320/blob/master/paper2/report.md",
      year   = "2017"
    }
    
@Manual{bk,
  title        = {Bokeh: Python library for interactive visualization},
  author       = {{Bokeh Development Team}},
  organization = {0},
  year         = {2014},
  url          = {http://www.bokeh.pydata.org},
}

@misc{waskom2014seaborn,
  title={Seaborn: statistical data visualization},
  author={Waskom, M and Botvinnik, O and Hobson, P and Warmenhoven, J and Cole, JB and Halchenko, Y and Vanderplas, J and Hoyer, S and Villalba, S and Quintero, E and others},
  year={2014},
  publisher={Stanford, California}
}

@misc{canada,
  title={CIX 2013 celebrates Canadaâ€™s innovation economy},
  author={ Levy, Carmi },
  year={2013},
  publisher={Yahoo! Finance Canada}
}
