@Article{bacak2006state,
  author  = {Bacak, SJ and Berg, CJ and Desmarais, J and Hutchins, E and Locke, E},
  title   = {State maternal mortality review: Accomplishments of nine states},
  journal = {Atlanta: Centers for Disease Control and Prevention},
  year    = {2006},
  volume  = {0},
  number  = {0},
  pages   = {1},
}

@Article{world2012trends,
  author    = {World Health Organization and UNICEF and others},
  title     = {Trends in maternal mortality: 1990 to 2010: WHO, UNICEF, UNFPA and The World Bank estimates},
  journal   = {0},
  year      = {2012},
  volume    = {1},
  pages     = {10},
  publisher = {Geneva: World Health Organization},
}

@Book{amnesty2010deadly,
  title     = {Deadly Delivery: The Maternal Health Care Crisis In the USA.},
  publisher = {Amnesty International Publications},
  year      = {2010},
  author    = {Amnesty International},
  address   = {0},
}

@InProceedings{callaghan2012overview,
  author       = {Callaghan, William M},
  title        = {Overview of maternal mortality in the United States},
  booktitle    = {Seminars in perinatology},
  year         = {2012},
  pages        = {2--6},
  address      = {0},
  organization = {Elsevier},
  publisher    = {Callaghan, William M},
}


@Article{hoyert2007maternal,
  author  = {Hoyert, Donna L},
  title   = {Maternal mortality and related concepts.},
  journal = {Vital \& health statistics. Series 3, Analytical and epidemiological studies/[US Dept. of Health and Human Services, Public Health Service, National Center for Health Statistics]},
  year    = {2007},
  volume  = {0},
  number  = {33},
  pages   = {1--13},
}

@article{horon2011effectiveness,
  title={Effectiveness of pregnancy check boxes on death certificates in identifying pregnancy-associated mortality},
  author={Horon, Isabelle L and Cheng, Diana},
  journal={Public Health Reports},
  volume={126},
  number={2},
  pages={195--200},
  year={2011},
  publisher={SAGE Publications Sage CA: Los Angeles, CA}
}

@article{creanga2014maternal,
  title={Maternal mortality and morbidity in the United States: where are we now?},
  author={Creanga, Andreea A and Berg, Cynthia J and Ko, Jean Y and Farr, Sherry L and Tong, Van T and Bruce, F Carol and Callaghan, William M},
  journal={Journal of Women's Health},
  volume={23},
  number={1},
  pages={3--9},
  year={2014},
  publisher={Mary Ann Liebert, Inc. 140 Huguenot Street, 3rd Floor New Rochelle, NY 10801 USA}
}

@article{neggers2016trends,
  title={Trends in maternal mortality in the United States},
  author={Neggers, Yasmin H},
  journal={Reproductive Toxicology},
  volume={64},
  pages={72--76},
  year={2016},
  publisher={Elsevier}
}

@article{creanga2012race,
  title={Race, ethnicity, and nativity differentials in pregnancy-related mortality in the United States: 1993--2006},
  author={Creanga, Andreea A and Berg, Cynthia J and Syverson, Carla and Seed, Kristi and Bruce, F Carol and Callaghan, William M},
  journal={Obstetrics \& Gynecology},
  volume={120},
  number={2, Part 1},
  pages={261--268},
  year={2012},
  publisher={LWW}
}

@article{kassebaum2016global,
  title={Global, regional, and national levels of maternal mortality, 1990-2015: a systematic analysis for the Global Burden of Disease Study 2015},
  author={Kassebaum, Nicholas J and Barber, Ryan M and Bhutta, Zulfiqar A and Dandona, Lalit and Gething, Peter W and Hay, Simon I and Kinfu, Yohannes and Larson, Heidi J and Liang, Xiaofeng and Lim, Stephen S and others},
  journal={The Lancet},
  volume={388},
  number={10053},
  pages={1775},
  year={2016},
  publisher={Elsevier Limited}
}

@Book{mcginnis2013best,
  title     = {Best care at lower cost: the path to continuously learning health care in America},
  publisher = {National Academies Press},
  year      = {2013},
  author    = {McGinnis, J Michael and Stuckhardt, Leigh and Saunders, Robert and Smith, Mark and others},
  address   = {0},
}

@article{schulz1994assessing,
  title={Assessing the quality of randomization from reports of controlled trials published in obstetrics and gynecology journals},
  author={Schulz, Kenneth F and Chalmers, Iain and Grimes, David A and Altman, Douglas G},
  journal={Jama},
  volume={272},
  number={2},
  pages={125--128},
  year={1994},
  publisher={American Medical Association}
}


@article{dittrich2012efficient,
  title={Efficient big data processing in Hadoop MapReduce},
  author={Dittrich, Jens and Quian{\'e}-Ruiz, Jorge-Arnulfo},
  journal={Proceedings of the VLDB Endowment},
  volume={5},
  number={12},
  pages={2014--2015},
  year={2012},
  publisher={VLDB Endowment}
}

@misc{bingham2011maternal,
  title={Maternal mortality in the United States: a human rights failure},
  author={Bingham, Debra and Strauss, Nan and Coeytaux, Francine},
  year={2011},
  publisher={Elsevier}
}

@Article{maron2015has,
  author  = {Maron, Dina Fine},
  title   = {Has maternal mortality really doubled in the US},
  journal = {Scientific American},
  year    = {2015},
  volume  = {0},
  number  = {0},
  pages   = {0},
}

@misc{centers2014pregnancyrelated,
  title={Pregnancyrelated mortality surveillance. 2013},
  author={Centers for Disease Control and Prevention and others},
  year={2014}
}

@InProceedings{dineshkumar2016big,
  author       = {Dineshkumar, P and SenthilKumar, R and Sujatha, K and Ponmagal, RS and Rajavarman, VN},
  title        = {Big data analytics of IoT based Health care monitoring system},
  booktitle    = {Electrical, Computer and Electronics Engineering (UPCON), 2016 IEEE Uttar Pradesh Section International Conference on},
  year         = {2016},
  number       = {0},
  series       = {0},
  pages        = {55--60},
  address      = {0},
  organization = {IEEE},
  publisher    = {0},
}

@Article{groves2016big,
  author    = {Groves, Peter and Kayyali, Basel and Knott, David and Kuiken, Steve Van},
  title     = {The'big data'revolution in healthcare: Accelerating value and innovation},
  journal   = {0},
  year      = {2016},
  volume    = {0},
  number    = {12},
  pages     = {2014--2015},
  publisher = {Center for US Health System Reform Business Technology Office},
}
